<?xml version="1.0" encoding="UTF-8" ?>
<collection xmlns:xsi="http://www.w3.org/2001/XMLSchema-instance" xsi:schemaLocation="http://www.loc.gov/MARC21/slim http://www.loc.gov/standards/marcxml/schema/MARC21slim.xsd" xmlns="http://www.loc.gov/MARC21/slim">
   <record>
      <leader>     cam a22      a 4500</leader>
      <controlfield tag="001">3285081</controlfield>
      <controlfield tag="003">NIC</controlfield>
      <controlfield tag="005">20140807214637.0</controlfield>
      <controlfield tag="008">980730s1950    ua            000 0 arard</controlfield>
      <datafield tag="035" ind1=" " ind2=" ">
         <subfield code="a">(NIC)notisAQX4028</subfield>
      </datafield>
      <datafield tag="035" ind1=" " ind2=" ">
         <subfield code="a">(OCoLC)9921731</subfield>
      </datafield>
      <datafield tag="035" ind1=" " ind2=" ">
         <subfield code="a">3285081</subfield>
      </datafield>
      <datafield tag="040" ind1=" " ind2=" ">
         <subfield code="a">NIC</subfield>
         <subfield code="c">NIC</subfield>
      </datafield>
      <datafield tag="100" ind1="1" ind2=" ">
         <subfield code="a">Baʻlī, ʻAbd al-Raḥmān ibn ʻAbd Allāh,</subfield>
         <subfield code="d">1698 or 1699-1778 or 1779.</subfield>
      </datafield>
      <datafield tag="245" ind1="1" ind2="0">
         <subfield code="a">Kashf al-mukhaddarāt wa-al-riyāḍ al-muzhirāt :</subfield>
         <subfield code="b">sharḥ Akhṣar al-mukhtaṣarāt fī fiqh Aḥmad ibn Ḥanbal al-Shaybānī /</subfield>
         <subfield code="c">taʼlīf Zayn al-Dīn ʻAbd al-Raḥmān ibn ʻAbd Allāh ibn Aḥmad al-Baʻlī thumma al-Dimashqī.</subfield>
      </datafield>
      <datafield tag="246" ind1="3" ind2=" ">
         <subfield code="a">Akhṣar al-mukhtaṣarāt.</subfield>
      </datafield>
      <datafield tag="260" ind1=" " ind2=" ">
         <subfield code="a">[Cairo] :</subfield>
         <subfield code="b">al-Maṭbaʻah al-Salafīyah wa-Maktabatuhā,</subfield>
         <subfield code="c">[195-?]</subfield>
      </datafield>
      <datafield tag="300" ind1=" " ind2=" ">
         <subfield code="a">543 p. ;</subfield>
         <subfield code="c">24 cm.</subfield>
      </datafield>
      <datafield tag="500" ind1=" " ind2=" ">
         <subfield code="a">Commentary on Ibn Balabān&apos;s Akhṣar al-mukhtaṣarāt which is an abridgment of Ibn Balabān&apos;s own Kāfī al-mubtadāʼ ; text of the former work is included.</subfield>
      </datafield>
      <datafield tag="600" ind1="1" ind2="0">
         <subfield code="a">Ibn Balabān, Muḥammad ibn Badr al-Dīn,</subfield>
         <subfield code="d">1597 or 1598-1672 or 1673.</subfield>
         <subfield code="t">Kāfī al-mubtadā&apos;.</subfield>
      </datafield>
      <datafield tag="600" ind1="1" ind2="0">
         <subfield code="a">Ibn Balabān, Muḥammad ibn Badr al-Dīn,</subfield>
         <subfield code="d">1597 or 1598-1672 or 1673.</subfield>
         <subfield code="t">Akhṣar al-mukhtaṣarāt.</subfield>
      </datafield>
      <datafield tag="650" ind1=" " ind2="0">
         <subfield code="a">Islamic law.</subfield>
      </datafield>
      <datafield tag="650" ind1=" " ind2="0">
         <subfield code="a">Hanbalites.</subfield>
      </datafield>
      <datafield tag="700" ind1="1" ind2=" ">
         <subfield code="a">Ibn Balabān, Muḥammad ibn Badr al-Dīn,</subfield>
         <subfield code="d">1597 or 1598-1672 or 1673</subfield>
         <subfield code="t">Akhṣar al-mukhtaṣarāt.</subfield>
      </datafield>
      <datafield tag="905" ind1=" " ind2=" ">
         <subfield code="a">19980730120000.0</subfield>
      </datafield>
      <datafield tag="903" ind1=" " ind2=" ">
         <subfield code="a">NYUACO</subfield>
         <subfield code="d">20141028</subfield>
         <subfield code="p">31924083866867</subfield>
      </datafield>
      <datafield tag="950" ind1=" " ind2=" ">
         <subfield code="a">BP155</subfield>
         <subfield code="b">.I113</subfield>
         <subfield code="v"> </subfield>
      </datafield>
   </record>
</collection>
